@misc{rkbyten_snatch_beginner_mistakes,
    author = "Sergey Rudnev",
    title = "{Snatch. Mistakes of beginners}",
    howpublished = "\url{https://www.youtube.com/watch?v=N186yUP9LcU}",
    year = "2019",
    month = "Oct",
    note = "Accessed: 2021-03-04"
}

@misc{egsa_kb_lifting_beginner_program,
    author = "EGSA",
    title = "{Kettlebell Lifting Beginner Program}",
    howpublished = "\url{https://www.elitegirevoy.com/kettlebell-lifting-beginner-program/}",
    year = "2016",
    month = "Jun",
    note = "Accessed: 2021-03-06"
}

@misc{egsa_kb_lifting_beginner_program_men,
    author = "EGSA",
    title = "{Kettlebell Lifting Beginner Program--Men}",
    howpublished = "\url{https://www.elitegirevoy.com/kettlebell-lifting-beginners-program-men/}",
    year = "2016",
    month = "Jun",
    note = "Accessed: 2021-03-06"
}

@misc{egsa_kb_lifting_beginner_program_women,
    author = "EGSA",
    title = "{Kettlebell Lifting Beginner Program--Women}",
    howpublished = "\url{https://www.elitegirevoy.com/kettlebell-lifting-beginners-program-women/}",
    year = "2016",
    month = "Jun",
    note = "Accessed: 2021-03-06"
}

@misc{rkbyten_swings,
    author = "Ruslan Rudnev",
    title = "{Swings with kettlebells. Kinds and exercises}",
    howpublished = "\url{https://www.youtube.com/watch?v=T2Sx7qi1TcQ}",
    year = "2019",
    month = "Nov",
    note = "Accessed: 2021-03-10"
}